@article{DTJ:11,
	year = "2011",
	author = "Derry Tanti Wijaya and Reyyan Yeniterzi",
	title = 	"Understanding Semantic Change of Words Over Centuries",
	url =   "http://rtw.ml.cmu.edu/papers/wijaya-detect11.pdf"
}